<?xml version="1.0" encoding="UTF-8"?><collection xmlns="http://www.loc.gov/MARC21/slim"><record><leader>00426nam--2200121-i-4500</leader><controlfield tag="001">000022793</controlfield><controlfield tag="002">20161230</controlfield><controlfield tag="005">20161230201034</controlfield><controlfield tag="008">060222s1000------------r-----000-0-eng-d</controlfield><datafield ind1=" " ind2=" " tag="080"><subfield code="a">621.391</subfield></datafield><datafield ind1=" " ind2=" " tag="245"><subfield code="a">Informatica. o noua etapa in dezvoltarea metodelor de calcul si de conducere a intreprinderilor. calculatoare electronice, functionare si utilizare</subfield></datafield><datafield ind1=" " ind2=" " tag="260"><subfield code="a">Bucuresti, Inst.Central De Doc.Tehnica, 1968. 108p</subfield></datafield><datafield ind1=" " ind2=" " tag="852"><subfield code="a">29787</subfield></datafield></record></collection>